@book{anderson2014computational,
  title={Computational neuroscience and cognitive modelling: a student's introduction to methods and procedures},
  author={Anderson, Britt},
  year={2014},
  publisher={Sage}
}
